%ref1: Saripalle, R.K., 2004, Current Status of Ontologies in Biomedical and Clinical Informatics. University of Connecticut

%ref3: https://www.w3.org/wiki/WebSchemas/Vehicles
%##################################
@INPROCEEDINGS{Yokoyama_2014,
    author = {Yokoyama, R.S. and Kimura, B.Y.L. and Jaimes, L.M.S. and Moreira, E.D.S.},
    title = {A Beaconing-Based Opportunistic Service Discovery Protocol for Vehicular Networks},
    booktitle = {Advanced Information Networking and Applications Workshops (WAINA)},
    year = {2014},
    pages = {498-503},
    month = {May},
    doi = {10.1109/WAINA.2014.82},
}

@INPROCEEDINGS{ullahadvertising,
    author = {Ullah, K and Jaimes, Luz MS and Yokoyama, RS and Moreira, ES},
    title = {Advertising Roadside Services using Vehicular Ad hoc Network Opportunistic Capabilities},
    booktitle = {in 4th International Conference on Advances in Vehicular Systems, Technologies and Applications},
    year = {2015},
    pages = {7--13},
}
%########################################

@techreport{Vahdat-2000,
    title={Epidemic Routing for Partially Connected Ad Hoc Networks},
    author={Vahdat, A. and Becker, D.},
    publisher={Duke University},
    series={Duke University Technical Report CS-200006},
    year={2000},
    address={United States of America},
    institution = {Duke University},
}

@misc{gao_2016,
    author={Mirek Sopek},
    title={{A}utomotive {O}ntology {C}ommunity {G}roup},
    year={2016 (accessed October 14, 2016)},
    url={https://www.w3.org/community/gao/},
}

@Inbook{Ullah2016,
    author="Ullah, Kifayat and Santos, Luz M. and Ribeiro, Jo{\~a}o B. and Moreira, Edson D. S.",
    title="SADP: A Lightweight Beaconing-Based Commercial Services Advertisement Protocol for Vehicular Ad Hoc Network",
    bookTitle="Ad-hoc, Mobile, and Wireless Networks: 15th International Conference, ADHOC-NOW 2016, Lille, France, July 4-6, 2016, Proceedings",
    year="2016",
    publisher="Springer International Publishing",
    address="Cham",
    pages="279--293",
    isbn="978-3-319-40509-4",
}

@INPROCEEDINGS{conprova2013,
    author={F. A. Silva and T. R. M. B. Silva and L. B. Ruiz and A. A. F. Loureiro},
    booktitle={Vehicular {T}echnology {C}onference (VTC Spring), 2013 IEEE 77th},
    title={{C}on{P}ro{VA}: {A} {S}mart {C}ontext {P}rovisioning {M}iddleware for {VANET} {A}pplications},
    year={2013},
    pages={1-5},
    doi={10.1109/VTCSpring.2013.6692488},
    ISSN={1550-2252},
    month={June},
}

@INPROCEEDINGS{grilli2009,
    author={P. Cataldi and A. Tomatis and G. Grilli and M. Gerla},
    booktitle={Wireless Communications and Networking Conference, 2009. {WCNC} 2009. IEEE},
    title={A Novel Data Dissemination Method for Vehicular Networks with Rateless Codes},
    year={2009},
    pages={1-6},
    doi={10.1109/WCNC.2009.4917521},
    ISSN={1525-3511},
    month={April},
}

@inproceedings{contory2006,
    author={Riva, Oriana},
    title={Contory: A Middleware for the Provisioning of Context Information on Smart Phones},
    booktitle={Proceedings of the ACM/IFIP/USENIX 2006 International Conference on Middleware},
    year={2006},
    numpages={21},
}

@INPROCEEDINGS{kumar2015,
    author={N. Kumar and R. Iqbal and A. E. James and A. Dua},
    booktitle={Computer Supported Cooperative Work in Design (CSCWD)},
    title={Collaborative P2P context-aware information propagation in vehicular ad hoc networks},
    year={2015},
    pages={292-296},
    doi={10.1109/CSCWD.2015.7230974},
    month={May},
}

@INPROCEEDINGS{zhang2012,
    author={L. Zhang and Y. Zhuang and J. Pan and L. Kaur and H. Zhu},
    booktitle={Communications in China (ICCC)},
    title={Multi-modal message dissemination in vehicular ad-hoc networks},
    year={2012},
    pages={670-675},
    doi={10.1109/ICCChina.2012.6356968},
    month={August},
}

@INPROCEEDINGS{zhang2014,
    author={L. Zhang and B. Yu and J. Pan},
    booktitle={INFOCOM, 2014 Proceedings IEEE},
    title={GeoMob: A mobility-aware geocast scheme in metropolitans via taxicabs and buses},
    year={2014},
    doi={10.1109/INFOCOM.2014.6848116},
    month={April},
}

@ARTICLE{madkour2011,
    author = {Madkour, M. and Maach, A},
    title = {Ontology-Based Context Modeling for Vehicle Context-Aware Services},
    journal = {Journal of Theoretical and Applied Information Technology, JATIT},
    year = {2011},
    volume = {34},
    month = {December},
    issn = {1992-8645},
}

@inproceedings{magf2009,
    author = {Brahmi, N. and Boussedjra, M. and Mouzna, J. and Bayart, M.},
    title = {Adaptative Movement Aware Routing for Vehicular Ad Hoc Networks},
    booktitle = {Wireless Communications and Mobile Computing: Connecting the World Wirelessly},
    year = {2009},
    doi = {10.1145/1582379.1582666},
    publisher = {ACM},
} 

@inproceedings{gpsr2000,
    author = {Karp, Brad and Kung, H. T.},
    title = {GPSR: Greedy Perimeter Stateless Routing for Wireless Networks},
    booktitle = {6th Annual International Conference on Mobile Computing and Networking},
    year = {2000},
    doi = {10.1145/345910.345953},
    publisher = {ACM},
}

@INPROCEEDINGS{vcarp2012,
    author={R. B. Soares and E. F. Nakamura and C. M. S. Figueiredo and A. A. F. Loureiro},
    booktitle={Computers and Communications (ISCC), 2012 IEEE Symposium on},
    title={VCARP: Vehicular Ad-hoc Networks context-aware routing protocol},
    year={2012},
    pages={442-447},
    ISSN= {1530-1346},
    month={July},
}

@INPROCEEDINGS{maihofer2004,
    author={C. Maihofer and R. Eberhardt},
    booktitle={Intelligent Vehicles Symposium, 2004 IEEE},
    title={Geocast in vehicular environments: caching and transmission range control for improved efficiency},
    year={2004},
    pages={951-956},
    doi={10.1109/IVS.2004.1336514},
    month={June},
}

@INPROCEEDINGS{move2005,
    author={J. LeBrun and Chen-Nee Chuah and D. Ghosal and M. Zhang},
    booktitle={Vehicular Technology Conference, 2005},
    title={Knowledge-based opportunistic forwarding in vehicular wireless ad hoc networks},
    year={2005},
    volume={4},
    doi={10.1109/VETECS.2005.1543743},
    ISSN={1550-2252},
    month={May},
}

@article{dey2001,
    author = {Dey, Anind K.},
    title = {Understanding and Using Context},
    journal = {Personal and Ubiquitous Computing},
    volume = {5},
    number = {1},
    month = {January},
    year = {2001},
    issn = {1617-4909},
    doi = {10.1007/s007790170019},
    publisher = {Springer-Verlag},
    address = {London, UK},
}

@article{baldauf2007,
    author = {Baldauf, Matthias and Dustdar, Schahram and Rosenberg, Florian},
    title = {A Survey on Context Aware Systems},
    journal = {International Journal of Ad Hoc and Ubiquitous Computing},
    volume = {2},
    number = {4},
    month = {June},
    year = {2007},
    issn = {1743-8225},
    pages = {263--277},
    doi = {10.1504/IJAHUC.2007.014070},
    publisher = {Inderscience Publishers},
}

@INPROCEEDINGS{tocadas2010,
    author={I. H. Bae and S. Olariu},
    booktitle={Global Telecommunications Conference (GLOBECOM)},
    title={A Tolerant Context-Aware Driver Assistance System for VANETs-Based Smart Cars},
    year={2010},
    pages={1-5},
    doi={10.1109/GLOCOM.2010.5684041},
    ISSN={1930-529X},
    month={December},
}

@INPROCEEDINGS{geoopp2014,
    author={S. Lu and Y. Liu},
    booktitle={Wireless Communications and Networking Conference (WCNC)},
    title={Geoopp: Geocasting for opportunistic networks},
    year={2014},
    pages={2582-2587},
    doi={10.1109/WCNC.2014.6952815},
    month={April},
}

@inproceedings{packer2010,
    Author = {Heather S. Packer and Nicholas Gibbins and Nicholas R. Jennings},
    Title = {Forgetting Fragments from Evolving Ontologies},
    Booktitle = {9 th International Semantic Web Conference (ISWC)},
    Year = {2010},
    doi={10.1007/978-3-642-17746-0_37},
    Month = {November},
}

@article{SUMO-2012,
    author = {Daniel Krajzewicz and Jakob Erdmann and Michael Behrisch and Laura Bieker},
    title = {Recent Development and Applications of {SUMO - Simulation of Urban MObility}},
    volume = {5},
    number = {3\&4 },
    year = {2012},
    journal = {International Journal On Advances in Systems and Measurements},
    pages = {128--138},
}

@MISC{veins2016,
    author = {Christoph Sommer},
    title = {Veins - Vehicles in Network Simulation},
    year = {2016 (accessed October 10, 2016)},
    url = {http://veins.car2x.org/},
} %urlaccessdate = {15/03/2016},

@MISC{omnet2016,
    author = {OMNeT++},
    title = {OMNeT++ Community},
    year = {2016 (accessed October 4, 2016)},
    url = {http://www.omnetpp.org/},
} %urlaccessdate = {15/03/2016},

@book{tse2005,
    author = {Tse, David and Viswanath, Pramod},
    title = {Fundamentals of Wireless Communication},
    year = {2005},
    isbn = {0-5218-4527-0},
    publisher = {Cambridge University Press},
}

@INPROCEEDINGS{serrano2007,
    author={J. M. Serrano and J. Serrat and J. Strassner},
    booktitle={Communications, 2007. ICC '07. IEEE International Conference on},
    title={Ontology-Based Reasoning for Supporting Context-Aware Services on Autonomic Networks},
    year={2007},
    pages={2097-2102},
    doi={10.1109/ICC.2007.347},
    month={June},
}

@INPROCEEDINGS{groza2014,
    author={A. Groza and A. Marginean and V. Muresan},
    booktitle={Intelligent Engineering Systems (INES)},
    title={An ontology-based model for vehicular ad-hoc networks},
    year={2014},
    pages={83-88},
    month={July},
}

@INPROCEEDINGS{caova2012,
    author={J. Barrachina and P. Garrido and M. Fogue and F. J. Martinez and J. C. Cano and C. T. Calafate and P. Manzoni},
    booktitle={Wireless Communications and Networking Conference (WCNC)},
    title={CAOVA: A Car Accident Ontology for VANETs}, 
    year={2012},
    pages={1864-1869},
    ISSN={1525-3511},
    month={April},
}

%end